@misc{duvander_2013,
    title={9,000 APIs: Mobile Gets Serious},
    url={https://www.programmableweb.com/news/9000-apis-mobile-gets-serious/2013/04/30},
    journal={ProgrammableWeb},
    author={DuVander, Adam},
    year={2013}
}

@misc{web_scraping_wikipedia_2022,
    url={https://en.wikipedia.org/wiki/Web_scraping},
    journal={En.wikipedia.org},
    year={2022}
}

@misc{thomas_2021,
      title={GitHub - alecthomas/participle: A parser library for Go},
      url={https://github.com/alecthomas/participle},
      journal={GitHub},
      author={Thomas, Alec},
      year={2021}
}

@misc{goessner_2007,
      title={JSONPath - XPath for JSON},
      url={https://goessner.net/articles/JsonPath/},
      journal={Goessner.net},
      author={Goessner, Stefan},
      year={2007}
}

@misc{the_go_programming_language,
    url={https://go.dev/},
    journal={Go.dev},
    year={2022}
}

@article{nordmann_hochgeschwender_wrede_2014,
    title={A Survey on Domain-Specific Languages in Robotics},
    url={https://core.ac.uk/download/pdf/211831974.pdf},
    DOI={https://doi.org/10.1007/978-3-319-11900-7_17},
    number={4},
    journal={Simulation, Modeling, and Programming for Autonomous Robots (SIMPAR)},
    author={Nordmann, Arne and Hochgeschwender, Nico and Wrede, Sebastian},
    year={2014},
    pages={195-206}
}

@misc{lua_syntax_specification,
    title={Lua 5.3 Reference Manual},
    url={https://www.lua.org/manual/5.3/manual.html#9},
    journal={Lua.org},
    author={Ierusalimschy, Roberto and Henrique de Figueiredo, Luiz and Celes, Waldemar},
    year={2020}
}

@misc{go_fmt_package,
    url={https://pkg.go.dev/fmt#hdr-Printing},
    journal={Pkg.go.dev}
}

@misc{http_request_methods,
    url={https://developer.mozilla.org/en-US/docs/Web/HTTP/Methods},
    journal={Developer.mozilla.org}
}

@misc{resty,
    title={GitHub - go-resty/resty: Simple HTTP and REST client library for Go},
    url={https://github.com/go-resty/resty},
    journal={GitHub},
    author={M, Jeevanandam}
}
