% Used
@book{scott_johnstone_1998,
      place={Egham},
      edition={5},
      title={Compilers and Code Generation},
      publisher={Department of Computer Science, Royal Holloway},
      author={Scott, Elizabeth and Johnstone, Adrian},
      year={1998},
      pages={74-84}
}

% Used
@book{johnstone_scott_1997,
      place={Egham},
      edition={1},
      title={rdp - a recursive descent compiler compiler},
      url={http://www.cs.rhul.ac.uk/research/languages/publications/rdp_user.pdf},
      publisher={Royal Holloway},
      author={Johnstone, Adrian and Scott, Elizabeth},
      year={1997},
      pages={55-63}
}

% Used
@misc{abrahamson_2021,
      title={Precedence and associativity},
      url={http://www.cs.ecu.edu/karl/5220/spr16/Notes/CFG/precedence.html},
      journal={Cs.ecu.edu},
      author={Abrahamson, Karl R.},
      year={2021}
}

% Used
@book{pattis_2021,
      place={Irvine},
      edition={1},
      title={EBNF: A notation to describe syntax},
      url={https://www.ics.uci.edu/~pattis/misc/ebnf2.pdf},
      publisher={University of California},
      author={Pattis, Richard E.},
      year={2021}
}

% Used
@misc{winkle_2021,
      title={Exponentiation Associativity and Standard Math Notation - Code Plea},
      url={https://codeplea.com/exponentiation-associativity-options},
      journal={Codeplea.com},
      author={Winkle, Lewis},
      year={2021}
}

@article{ritchie_1993,
         title={The Development of the C Language},
         url={https://www.bell-labs.com/usr/dmr/www/chist.html},
         author={Ritchie, Dennis M.},
         year={1993}
}

% Used
@misc{lam_2019,
      title={Context-free grammars},
      url={https://w3.cs.jmu.edu/lam2mo/cs432_2019_08/files/04-grammars.pdf},
      journal={W3.cs.jmu.edu},
      author={Lam, Mike},
      year={2019}
}

% Used
@misc{norvell_1999,
      title={Parsing Expressions by Recursive Descent},
      url={https://www.engr.mun.ca/~theo/Misc/exp_parsing.htm},
      journal={Engr.mun.ca},
      author={Norvell, Theodore},
      year={1999}
}

% Used
@misc{shunting-yard,
      url={https://en.wikipedia.org/wiki/Shunting-yard_algorithm},
      journal={En.wikipedia.org},
      year={2021}
}

% Used
@book{aho_lam_sethi_ullman_2007,
      place={Boston},
      edition={2},
      title={Compilers, Principles, Techniques, & Tools},
      publisher={Pearson},
      author={Aho, Alfred V. and Lam, Monica S. and Sethi, Ravi and Ullman, Jeffrey D.},
      year={2007},
      pages={191-303}
}

% Used
@misc{barbosa_2018,
      title={Context-free languages},
      url={https://homepages.dcc.ufmg.br/~hbarbosa/teaching/uiowa/toc/notes/10-dcfl.pdf},
      journal={Homepages.dcc.ufmg.br},
      author={Barbosa, Haniel},
      year={2018}
}

% Used
@article{chomsky_1956,
         title={Three models for the description of language},
         volume={2},
         url={https://chomsky.info/wp-content/uploads/195609-.pdf},
         DOI={10.1109/tit.1956.1056813},
         number={3},
         journal={IEEE Transactions on Information Theory},
         author={Chomsky, Noam},
         year={1956},
         pages={113-124}
}

% Used
@misc{geuvers_rot_2016,
      title={Final lecture: Applications, Chomsky hierarchy, and Recap},
      url={https://www.cs.ru.nl/~herman/onderwijs/2016TnA/lecture7.pdf},
      journal={Cs.ru.nl},
      author={Geuvers, H. and Rot, J.},
      year={2016}
}

% Used
@book{hopcroft_motwani_ullman_2006,
      place={Delhi},
      edition={3},
      title={Introduction to automata theory, languages, and computation},
      publisher={Pearson Education},
      author={Hopcroft, John E. and Motwani, Rajeev and Ullman, Jeffrey D.},
      year={2006},
      pages={171-225}
}

% Used
@misc{johnson_zelenski_2007,
      title={Bottom-Up Parsing},
      url={https://web.archive.org/web/20160305041504/http://dragonbook.stanford.edu/lecture-notes/Stanford-CS143/08-Bottom-Up-Parsing.pdf},
      journal={Web.archive.org},
      author={Johnson, Maggie and Zelenski, Julie},
      year={2007}
}

% Used
@article{knuth_1965,
         title={On the translation of languages from left to right},
         volume={8},
         url={https://www.sciencedirect.com/science/article/pii/S0019995865904262?via%3Dihub},
         DOI={10.1016/s0019-9958(65)90426-2},
         number={6},
         journal={Information and Control},
         author={Knuth, Donald E.},
         year={1965},
         pages={607-639}
}

% Used
@misc{longley_2016,
      title={Context-sensitive languages},
      url={https://www.inf.ed.ac.uk/teaching/courses/inf2a/slides2016/inf2a_L29_slides.pdf},
      journal={Inf.ed.ac.uk},
      author={Longley, John},
      year={2016}
}

% Used
@article{rosenkrantz_stearns_1970,
         title={Properties of deterministic top-down grammars},
         volume={17},
         url={https://www.sciencedirect.com/science/article/pii/S0019995870904468?via%3Dihub},
         DOI={10.1016/s0019-9958(70)90446-8},
         number={3},
         journal={Information and Control},
         author={Rosenkrantz, D.J. and Stearns, R.E.},
         year={1970},
         pages={226-256}
}

% Used
@misc{ierusalimschy_henrique-de-figueiredo_celes_2020,
      title={Lua 5.4 Reference Manual},
      url={https://www.lua.org/manual/5.4/manual.html#9},
      journal={Lua.org},
      author={Ierusalimschy, Roberto and Henrique de Figueiredo, Luiz and Celes, Waldemar},
      year={2020}
}

@misc{thomas_2021,
      title={GitHub - alecthomas/participle: A parser library for Go},
      url={https://github.com/alecthomas/participle},
      journal={GitHub},
      author={Thomas, Alec},
      year={2021}
}

@book{sipser_1997,
      place={Boston},
      title={Introduction to the Theory of Computation},
      publisher={PWS Pub. Co.},
      author={Sipser, Michael},
      year={1997},
      pages={91-123}
}
