% Used
@book{scott_johnstone_1998,
      place={Egham},
      edition={5},
      title={Compilers and Code Generation},
      publisher={Department of Computer Science, Royal Holloway},
      author={Scott, Elizabeth and Johnstone, Adrian},
      year={1998},
      pages={74-84}
}

% Used
@book{johnstone_scott_1997,
      place={Egham},
      edition={1},
      title={rdp - a recursive descent compiler compiler},
      url={http://www.cs.rhul.ac.uk/research/languages/publications/rdp_user.pdf},
      publisher={Royal Holloway},
      author={Johnstone, Adrian and Scott, Elizabeth},
      year={1997},
      pages={55-63}
}

% Used
@misc{abrahamson_2021,
      title={Precedence and associativity},
      url={http://www.cs.ecu.edu/karl/5220/spr16/Notes/CFG/precedence.html},
      journal={Cs.ecu.edu},
      author={Abrahamson, Karl R.},
      year={2021}
}

% Used
@book{pattis_2021,
      place={Irvine},
      edition={1},
      title={EBNF: A notation to describe syntax},
      url={https://www.ics.uci.edu/~pattis/misc/ebnf2.pdf},
      publisher={University of California},
      author={Pattis, Richard E.},
      year={2021}
}

% Used
@misc{winkle_2021,
      title={Exponentiation Associativity and Standard Math Notation - Code Plea},
      url={https://codeplea.com/exponentiation-associativity-options},
      journal={Codeplea.com},
      author={Winkle, Lewis},
      year={2021}
}

@article{ritchie_1993,
         title={The Development of the C Language},
         url={https://www.bell-labs.com/usr/dmr/www/chist.html},
         author={Ritchie, Dennis M.},
         year={1993}
}

% Used
@misc{lam_2019,
      title={Context-free grammars},
      url={https://w3.cs.jmu.edu/lam2mo/cs432_2019_08/files/04-grammars.pdf},
      journal={W3.cs.jmu.edu},
      author={Lam, Mike},
      year={2019}
}

% Used
@misc{norvell_1999,
      title={Parsing Expressions by Recursive Descent},
      url={https://www.engr.mun.ca/~theo/Misc/exp_parsing.htm},
      journal={Engr.mun.ca},
      author={Norvell, Theodore},
      year={1999}
}

@misc{shunting-yard,
      url={https://en.wikipedia.org/wiki/Shunting-yard_algorithm},
      journal={En.wikipedia.org},
      year={2021}
}

% Used
@misc{operator-precedence-parser-wikipedia,
      url={https://en.wikipedia.org/wiki/Operator-precedence_parser},
      journal={En.wikipedia.org},
      year={2021}
}

% Used
@misc{chu_2016,
      title={Pratt Parsing and Precedence Climbing Are the Same Algorithm},
      url={http://www.oilshell.org/blog/2016/11/01.html},
      journal={Oilshell.org},
      author={Chu, Andy},
      year={2016}
}

% Used
@misc{chu_2017,
      title={Precedence Climbing is Widely Used},
      url={https://www.oilshell.org/blog/2017/03/30.html},
      journal={Oilshell.org},
      author={Chu, Andy},
      year={2017}
}
